<?xml version="1.0" encoding="UTF-8"?>
<collection xmlns:xsi="http://www.w3.org/2001/XMLSchema-instance" xsi:schemaLocation="http://www.loc.gov/MARC21/slim http://www.loc.gov/standards/marcxml/schema/MARC21slim.xsd" xmlns="http://www.loc.gov/MARC21/slim">
<record>
  <leader>00871cam a22002291  4500</leader>
  <controlfield tag="001">2766327</controlfield>
  <controlfield tag="003">NNC</controlfield>
  <controlfield tag="005">20130425223600.0</controlfield>
  <controlfield tag="008">001118s1962    ir            000 0 ara d</controlfield>
  <datafield tag="035" ind1=" " ind2=" ">
    <subfield code="a">(OCoLC)ocm45391899</subfield>
  </datafield>
  <datafield tag="035" ind1=" " ind2=" ">
    <subfield code="9">ARN2249CU</subfield>
  </datafield>
  <datafield tag="035" ind1=" " ind2=" ">
    <subfield code="a">(NNC)2766327</subfield>
  </datafield>
  <datafield tag="040" ind1=" " ind2=" ">
    <subfield code="a">ZCU</subfield>
    <subfield code="c">ZCU</subfield>
  </datafield>
  <datafield tag="090" ind1=" " ind2=" ">
    <subfield code="a">DS238.A6</subfield>
    <subfield code="b">N3 1962</subfield>
  </datafield>
  <datafield tag="100" ind1="1" ind2=" ">
    <subfield code="a">Naqdī, Jaʻfar,</subfield>
    <subfield code="d">1885-1951.</subfield>
  </datafield>
  <datafield tag="245" ind1="1" ind2="3">
    <subfield code="a">al-Anwār al-ʻAlawīyah wa-al-asrār al-Murtadawīyah fī aḥwāl Amīr al-Muʾminīn wafaḍāʾilihī wamanāqibihī waghazawātihī,</subfield>
    <subfield code="c">taʾlīf al-shaykh Jaʻfar al-Naqdī.</subfield>
  </datafield>
  <datafield tag="246" ind1="3" ind2="0">
    <subfield code="a">Anwār al-ʻAlawīyah wa-al-asrār al-Murtadawīyah</subfield>
  </datafield>
  <datafield tag="250" ind1=" " ind2=" ">
    <subfield code="a">al-Tabʻaḥ al-2.</subfield>
  </datafield>
  <datafield tag="260" ind1=" " ind2=" ">
    <subfield code="a">al-Najaf,</subfield>
    <subfield code="b">al-Maṭba ah al-Ḥaydarīyah,</subfield>
    <subfield code="c">1962 m., 1381 h.</subfield>
  </datafield>
  <datafield tag="300" ind1=" " ind2=" ">
    <subfield code="a">496 p.</subfield>
    <subfield code="c">25 cm.</subfield>
  </datafield>
  <datafield tag="600" ind1="0" ind2="0">
    <subfield code="a">ʻAlī ibn Abī Ṭālib,</subfield>
    <subfield code="c">Caliph,</subfield>
    <subfield code="d">approximately 600-661.</subfield>
  </datafield>
  <datafield tag="955" ind1=" " ind2=" ">
    <subfield code="b">CU52920658</subfield>
    <subfield code="d">off,glx</subfield>
    <subfield code="e">DS238.A6 N3 1962</subfield>
  </datafield>
</record>
</collection>